<record xmlns="http://www.loc.gov/MARC21/slim" xmlns:xsi="http://www.w3.org/2001/XMLSchema-instance" xsi:schemaLocation="http://www.loc.gov/MARC21/slim http://www.loc.gov/standards/marcxml/schema/MARC21slim.xsd"><leader>00574cz   2200145n  4500</leader><controlfield tag="001">oca01113380 </controlfield><controlfield tag="005">20000520064417.0</controlfield><controlfield tag="008">840503n| acannaabn          |a aaa      </controlfield><datafield ind1=" " ind2=" " tag="010"><subfield code="a">n  84111927 </subfield></datafield><datafield ind1=" " ind2=" " tag="040"><subfield code="a">CU</subfield><subfield code="b">eng</subfield><subfield code="c">DLC</subfield><subfield code="d">OCoLC</subfield></datafield><datafield ind1="1" ind2=" " tag="100"><subfield code="a">Claudius Quadrigarius, Quintus.</subfield></datafield><datafield ind1="1" ind2=" " tag="400"><subfield code="a">Quadrigarius, Quintus Claudius</subfield></datafield><datafield ind1=" " ind2=" " tag="670"><subfield code="a">Bastian, S. Lexicon in Q. Claudium Quadrigarium, 1983:</subfield><subfield code="b">t.p. (Q. Claudium Quadrigarium)</subfield></datafield><datafield ind1=" " ind2=" " tag="670"><subfield code="a">LC data base, 4-5-84</subfield><subfield code="b">(hdg.: Claudius Quadrigarius, Quintus; usage: Claudius Quadrigarius)</subfield></datafield><datafield ind1=" " ind2=" " tag="670"><subfield code="a">Oxford class. dict.</subfield><subfield code="b">(Claudius Quadrigarius, Quintus)</subfield></datafield></record>